@misc{jeremy2018,
    author = {Dr. Jeremy Gillula},
    title = {Understanding Net Neutrality},
    date = {April 25 2018},
    howpublished = {Personal Interview},
    organization = {Electronic Frontier Foundation},
    year = {2018},
}
@misc{paidp,
	author = {Margaret Rouse},
	title = {{What is paid prioritization? - Definition from WhatIs.com}},
	journal = {WhatIs.com},
	year = {2018},
	month = {May},
	note = {[Online; accessed 14. May 2018]},
	url = {https://whatis.techtarget.com/definition/paid-prioritization}
}

@article{history,
	author = {Shepardson, David},
	title = {{U.S. 'net neutrality' rules will expire on June 11: FCC}},
	journal = {U.S},
	year = {2018},
	month = {May},
	publisher = {Reuters},
	url = {https://www.reuters.com/article/us-usa-internet/u-s-net-neutrality-rules-will-expire-on-june-11-fcc-idUSKBN1IB1UN}
}
@article{woodcock2011survey,
	title={Survey of Characteristics of Internet Carrier Interconnection Agreements},
	author={Woodcock, Bill and Adhikari, Vijay},
	journal={Packet Clearing House, May},
	volume={2},
	year={2011}
}
@misc{net,
	author={ACLU},
	title = {{What Is Net Neutrality?}},
	journal = {American Civil Liberties Union},
	year = {2018},
	month = {May},
	note = {[Online; accessed 14. May 2018]},
	url = {https://www.aclu.org/issues/free-speech/internet-speech/what-net-neutrality}
}
@misc{zero,
	author = {Berec}'
	title = {{What is zero-rating?}},
	year = {2018},
	month = {May},
	note = {[Online; accessed 14. May 2018]},
	url = {https://berec.europa.eu/eng/netneutrality/zero_rating}
}

@misc{paidprio,
	author = {Arnair Smith},
	title = {{Blocking, throttling, paid prioritisation: The 3 threats to net neutrality}},
	journal = {News18},
	year = {2015},
	month = {May},
	note = {[Online; accessed 14. May 2018]},
	url = {https://www.news18.com/news/tech/blocking-throttling-paid-prioritisation-the-3-threats-to-net-neutrality-982039.html}
}
\\
@misc{fast,
	author = {Elyse Betters},
	title = {{What is Net Neutrality and internet fast lanes, and why is Obama stepping in now? - Pocket-lint}},
	journal = {Pocket-lint},
	year = {2014},
	month = {Nov},
	note = {[Online; accessed 14. May 2018]},
	url = {https://www.pocket-lint.com/apps/news/129560-what-is-net-neutrality-and-internet-fast-lanes-and-why-is-obama-stepping-in-now}
}
@misc{clark2018,
    author = {Juanita Clark},
    title = {Fibre to the Home},
    date = {April 23 2018},
    howpublished = {Personal Interview},
    organization = {Fibre to the Home Council Africa},
    year = {2018},
}